@report{PVS_image,
	author = {Universal Design Style},
	title = {Pediatric Vision Scanner Detects Early Childhood Vision Problems},
	howpublished = "\url{https://www.universaldesignstyle.com/pediatric-vision-scanner-detects-early-childhood-vision-problems/}",
	note = "[Online; visited on 4-11-2022]"
}
@report{Patching_image,
	author = {Poliambulatori San Gaetano},
	title = {Ambliopia, l’importanza di una diagnosi precoce},
	howpublished = "\url{https://poliambulatorisangaetano.it/poliambulatorio/news/ambliopia-limportanza-diagnosi-precoce/}",
	note = "[Online; visited on 6-11-2022]"
}
@report{Bangerter_image,
	author = {Fresnel Prism},
	title = {Bangerter Occlusion Foils},
	howpublished="\url{https://www.fresnel-prism.com/product/professional-products/professional-bangerter-occlusion-foils/professional-foils/bangerter-occlusion-foils/}",
	note = "[Online; visited on 9-11-2022]"
}
@report{Lumiopia_image,
	author = {ELISE REUTER},
	title = {Startup testing video-based treatment for ‘lazy eye’ touts Phase 3 results},
	howpublished="\url{https://medcitynews.com/2021/09/startup-testing-video-based-treatment-for-lazy-eye-touts-phase-3-results/}",
	note = "[Online; visited on 1-12-2022]"
}


@report{Anaglifo_image,
	author = {3d4amb},
	title = {Anaglifo},
	howpublished="\url{https://it.wikipedia.org/wiki/Anaglifo}",
	note = "[Online; visited on 4-01-2023]"
}

@report{active-shutter-3d_image,
	author = {Brilens},
	title = {Active Shutter 3D technology},
	howpublished="\url{https://www.brilens.com/news/active-shutter-3d-technology.html}",
	note = "[Online; visited on 10-02-2023]"
}
@report{controller_image,
	author = {Alexia Simard},
	title = {Ps4 controller},
	howpublished="\url{https://dribbble.com/shots/3352609-Ps4-controller}",
	note = "[Online; visited on 03-03-2023]"
}
@report{Rock_asset,
	author = {Broken Vector},
	title = {Low Poly Rock Pack},
	howpublished="\url{https://assetstore.unity.com/packages/3d/environments/low-poly-rock-pack-57874}",
	note = "[Online; visited on 21-02-2023]"
}
@report{Pack_asset,
	author = {Gigel},
	title = {RPG Poly Pack - Lite},
	howpublished="\url{https://assetstore.unity.com/packages/3d/environments/landscapes/rpg-poly-pack-lite-148410}",
	note = "[Online; visited on 21-02-2023]"
}
@report{Wall_asset,
	author = {Jaroslav Grafskiy},
	title = {Mobile Wooden Fences},
	howpublished="\url{https://assetstore.unity.com/packages/3d/props/exterior/mobile-wooden-fences-54772}",
	note = "[Online; visited on 02-03-2023]"
}
@report{Path_asset,
	author = {Sebastian Lague},
	title = {Bézier Path Creator},
	howpublished="\url{https://assetstore.unity.com/packages/tools/utilities/b-zier-path-creator-136082}",
	note = "[Online; visited on 06-03-2023]"
}
@report{Controller_test,
	author = {Ladmer Technologies, Inc.},
	title = {Controller Tester},
	howpublished="\url{https://assetstore.unity.com/packages/tools/input-management/controller-tester-43621}",
	note = "[Online; visited on 06-10-2022]"
}
@report{Distanza_occhi,
author = {otticavasari},
title = {Distanza interpupillare: cos’è e come si misura},
howpublished="\url{https://www.otticavasari.it/magazine/distanza-interpupillare}",
note = "[Online; visited on 24-03-2023]"

}
@report{Stereogramma,
	author = {wikipedia},
	title = {Stereogramma},
	howpublished="\url{https://it.wikipedia.org/wiki/Stereogramma}",
	note = "[Online; visited on 27-03-2023]"
	
}
@report{Stereoscopio,
author = {wikipedia},
title = {Stereoscopio},
howpublished="\url{https://it.wikipedia.org/wiki/Stereoscopio}",
note = "[Online; visited on 27-03-2023]"

}
@report{Funzionamento_cardboard,
	author = {mrcardboard},
	title = {CHE COS'È POP! CARDBOARD?},
	howpublished="\url{https://mrcardboard.eu/it/che-cose-google-cardboard-come-funziona-google-cardboard/}",
	note = "[Online; visited on 27-03-2023]"
	
}
@report{Cardboard_image,
	author = {airlapp},
	title = {Google Cardboard: cos’è e come funziona?},
	howpublished="\url{https://airlapp.com/blog/google-cardboard-cosa-e-come-funziona/}",
	note = "[Online; visited on 27-03-2023]"
	
}
@report{mottion_sickness,
	author = {wikipedia},
	title = {Virtual reality sickness},
	howpublished="\url{https://en.wikipedia.org/wiki/Virtual_reality_sickness}",
	note = "[Online; visited on 27-03-2023]"
}
@report{I-Bit,
	author = {eye-bit},
	title = {How it works},
	howpublished="\url{https://lazy-i-bit.co.uk/howitworks.html}",
	note = "[Online; visited on 27-03-2023]"
}
@report{low_high,
	author = {3dstudio},
	title = {What is Low Poly and High Poly Modeling?},
	howpublished="\url{https://3dstudio.co/low-and-high-poly-modeling/}",
	note = "[Online; visited on 28-03-2023]"
}
@report{Pattern-Flicker,
	author = {oculistanet},
	title = {STIMOLATORE PATTERN-FLICHER MF17},
	howpublished="\url{http://www.oculistanet.it/mf17/mf17.html}",
	note = "[Online; visited on 29-03-2023]"
}
@report{3d4amb,
	author = {3d4amb},
	title = {Game for the treament},
	howpublished="\url{https://3d4amb.unibg.it/}",
	note = "[Online; visited on 27-12-2022]"
}

@report{Approvazione_luminopia,
	author = {businesswire},
	title = {Luminopia Announces FDA Approval of Digital Therapeutic that Uses TV Shows to Improve Vision in Children with Lazy Eye},
	howpublished="\url{https://www.businesswire.com/news/home/20211020005896/en/Luminopia-Announces-FDA-Approval-of-Digital-Therapeutic-that-Uses-TV-Shows-to-Improve-Vision-in-Children-with-Lazy-Eye}",
	note = "[Online; visited on 09-9-2022]"
}
@report{code-snippets,
	author = {Kleber Silva},
	title = {Unity Code Snippets},
	howpublished="\url{https://marketplace.visualstudio.com/items?itemName=kleber-swf.unity-code-snippets}",
	note = "[Online; visited on 10-9-2022]"
}

@report{UnityTools,
	author = {Avin Zarlez},
	title = {Unity Tools},
	howpublished="\url{https://marketplace.visualstudio.com/items?itemName=Tobiah.unity-tools}",
	note = "[Online; visited on 10-9-2022]"
}
@report{Giro_image,
	author = {xiaomiplanet},
	title = {Qual è la funzione di un giroscopio e come calibrarlo nel tuo smartphone Xiaomi?},
	howpublished="\url{https://it.xiaomiplanet.sk/come-calibrare-un-giroscopio/}",
	note = "[Online; visited on 4-2-2023]"
}
@report{perc_amblipia,
	author = {humanitas},
	title = {Ambliopia (occhio pigro)},
	howpublished="\url{https://www.humanitas.it/malattie/ambliopia-occhio-pigro/}",
	note = "[Online; visited on 4-10-2022]"
}
@report{pistola,
	author = {Factory Of Models},
	title = {Sci-Fi Gun Light},
	howpublished="\url{https://assetstore.unity.com/packages/3d/props/guns/sci-fi-gun-light-87916}",
	note = "[Online; visited on 3-10-2022]"
}
@report{amblyoplay,
	author = {amblyoplay},
	title = {amblyoplay},
	howpublished="\url{https://www.amblyoplay.com/about}",
	note = "[Online; visited on 11-4-2023]"
}
