@report{PVS_image,
	author = {Universal Design Style},
	title = {Pediatric Vision Scanner Detects Early Childhood Vision Problems},
	howpublished = "\url{https://www.universaldesignstyle.com/pediatric-vision-scanner-detects-early-childhood-vision-problems/}",
	note = "[Online; visited on 4-11-2022]"
}
@report{Patching,
	author = {Poliambulatori San Gaetano},
	title = {Ambliopia, lâ€™importanza di una diagnosi precoce},
	howpublished = "\url{https://poliambulatorisangaetano.it/poliambulatorio/news/ambliopia-limportanza-diagnosi-precoce/}",
	note = "[Online; visited on 4-11-2022]"
}
