@report{PVS_image,
	author = {Universal Design Style},
	title = {Pediatric Vision Scanner Detects Early Childhood Vision Problems},
	howpublished = "\url{https://www.universaldesignstyle.com/pediatric-vision-scanner-detects-early-childhood-vision-problems/}",
	note = "[Online; visited on 4-11-2022]"
}
@report{Patching_image,
	author = {Poliambulatori San Gaetano},
	title = {Ambliopia, l’importanza di una diagnosi precoce},
	howpublished = "\url{https://poliambulatorisangaetano.it/poliambulatorio/news/ambliopia-limportanza-diagnosi-precoce/}",
	note = "[Online; visited on 6-11-2022]"
}
@report{Bangerter_image,
	author = {Fresnel Prism},
	title = {Bangerter Occlusion Foils},
	howpublished="\url{https://www.fresnel-prism.com/product/professional-products/professional-bangerter-occlusion-foils/professional-foils/bangerter-occlusion-foils/}",
	note = "[Online; visited on 9-11-2022]"
}
@report{Lumiopia_image,
	author = {ELISE REUTER},
	title = {Startup testing video-based treatment for ‘lazy eye’ touts Phase 3 results},
	howpublished="\url{https://medcitynews.com/2021/09/startup-testing-video-based-treatment-for-lazy-eye-touts-phase-3-results/}",
	note = "[Online; visited on 1-12-2022]"
}
@report{3d4amb_image,
	author = {3d4amb},
	title = {Game for the treament},
	howpublished="\url{https://3d4amb.unibg.it/}",
	note = "[Online; visited on 27-12-2022]"
}

@report{Anaglifo_image,
	author = {3d4amb},
	title = {Anaglifo},
	howpublished="\url{https://it.wikipedia.org/wiki/Anaglifo}",
	note = "[Online; visited on 4-01-2023]"
}

@report{active-shutter-3d_image,
	author = {Brilens},
	title = {Active Shutter 3D technology},
	howpublished="\url{https://www.brilens.com/news/active-shutter-3d-technology.html}",
	note = "[Online; visited on 10-02-2023]"
}
@report{controller_image,
	author = {Alexia Simard},
	title = {Ps4 controller},
	howpublished="\url{https://dribbble.com/shots/3352609-Ps4-controller}",
	note = "[Online; visited on 03-03-2023]"
}
@report{Rock_asset,
	author = {Broken Vector},
	title = {Low Poly Rock Pack},
	howpublished="\url{https://assetstore.unity.com/packages/3d/environments/low-poly-rock-pack-57874}",
	note = "[Online; visited on 21-02-2023]"
}
@report{Pack_asset,
	author = {Gigel},
	title = {RPG Poly Pack - Lite},
	howpublished="\url{https://assetstore.unity.com/packages/3d/environments/landscapes/rpg-poly-pack-lite-148410}",
	note = "[Online; visited on 21-02-2023]"
}
@report{Wall_asset,
	author = {Jaroslav Grafskiy},
	title = {Mobile Wooden Fences},
	howpublished="\url{https://assetstore.unity.com/packages/3d/props/exterior/mobile-wooden-fences-54772}",
	note = "[Online; visited on 02-03-2023]"
}
@report{Path_asset,
	author = {Sebastian Lague},
	title = {Bézier Path Creator},
	howpublished="\url{https://assetstore.unity.com/packages/tools/utilities/b-zier-path-creator-136082}",
	note = "[Online; visited on 06-03-2023]"
}
@report{Distanza_occhi,
author = {otticavasari},
title = {Distanza interpupillare: cos’è e come si misura},
howpublished="\url{https://www.otticavasari.it/magazine/distanza-interpupillare}",
note = "[Online; visited on 24-03-2023]"

}
@report{Stereogramma,
	author = {wikipedia},
	title = {Stereogramma},
	howpublished="\url{https://it.wikipedia.org/wiki/Stereogramma}",
	note = "[Online; visited on 27-03-2023]"
	
}
@report{Stereoscopio,
author = {wikipedia},
title = {Stereoscopio},
howpublished="\url{https://it.wikipedia.org/wiki/Stereoscopio}",
note = "[Online; visited on 27-03-2023]"

}
@report{Funzionamento_cardboard,
	author = {mrcardboard},
	title = {CHE COS'È POP! CARDBOARD?},
	howpublished="\url{https://mrcardboard.eu/it/che-cose-google-cardboard-come-funziona-google-cardboard/}",
	note = "[Online; visited on 27-03-2023]"
	
}
@report{Cardboard_image,
	author = {airlapp},
	title = {Google Cardboard: cos’è e come funziona?},
	howpublished="\url{https://airlapp.com/blog/google-cardboard-cosa-e-come-funziona/}",
	note = "[Online; visited on 27-03-2023]"
	
}
@report{mottion_sickness,
	author = {wikipedia},
	title = {Virtual reality sickness},
	howpublished="\url{https://en.wikipedia.org/wiki/Virtual_reality_sickness}",
	note = "[Online; visited on 27-03-2023]"
}
@report{I-Bit,
	author = {eye-bit},
	title = {How it works},
	howpublished="\url{https://lazy-i-bit.co.uk/howitworks.html}",
	note = "[Online; visited on 27-03-2023]"
}